% =============================================================================
% | Surveys and papers                                                        |
% =============================================================================


% -----------------------------------------------------------------------------
% Surveys and papers
% -----------------------------------------------------------------------------

@inproceedings{paper_millwheel,
  title     = {MillWheel: Fault-Tolerant Stream Processing at Internet Scale},
  author    = {Tyler Akidau and Alex Balikov and Kaya Bekiroglu and Slava Chernyak and Josh Haberman and Reuven Lax and Sam McVeety and Daniel Mills and Paul Nordstrom and Sam Whittle},
  year      = 2013,
  booktitle = {Very Large Data Bases},
  pages     = {734--746}
}

@online{online_satoshinakamoto,
  author  = {Satoshi Nakamoto},
  title   = {Bitcoin: A Peer-to-Peer Electronic Cash System},
  url     = {https://bitcoin.org/bitcoin.pdf},
  journal = {},
  volume  = {},
  number  = {},
  pages   = {1--9},
  year    = {2008},
  urldate = {2023-05-23}
}


% -----------------------------------------------------------------------------
% Books
% -----------------------------------------------------------------------------
 
@BOOK{Drescher2017-hj,
  title     = "Blockchain Basics",
  author    = "Drescher, Daniel",
  publisher = "APress",
  edition   =  1,
  month     =  mar,
  year      =  2017,
  address   = "Berlin, Germany",
  language  = "en"
}

@BOOK{Antonopoulos2017-et,
  title     = "Mastering Bitcoin",
  author    = "Antonopoulos, Andreas",
  publisher = "O'Reilly Media",
  edition   =  2,
  month     =  jun,
  year      =  2017,
  address   = "Sebastopol, CA"
}

@BOOK{Danielsson2013-cw,
  title     = "Global financial systems",
  author    = "Danielsson, Jon",
  publisher = "Pearson Education",
  month     =  aug,
  year      =  2013,
  address   = "London, England",
  language  = "en"
}

@BOOK{Tapscott2018-ed,
  title     = "Blockchain revolution",
  author    = "Tapscott, Don and Tapscott, Alex",
  publisher = "Portfolio",
  month     =  jun,
  year      =  2018
}

@BOOK{Antonopoulos2018-wp,
  title     = "Mastering Ethereum",
  author    = "Antonopoulos, Andreas and Wood, Gavin",
  publisher = "O'Reilly Media",
  month     =  dec,
  year      =  2018,
  address   = "Sebastopol, CA"
}

% -----------------------------------------------------------------------------
% Blog articles
% -----------------------------------------------------------------------------



% -----------------------------------------------------------------------------
% Websites
% -----------------------------------------------------------------------------



% -----------------------------------------------------------------------------
% Source code repositories
% -----------------------------------------------------------------------------



% -----------------------------------------------------------------------------
% Various
% -----------------------------------------------------------------------------

